%% LaTeX2e file `bib.bib'
%% generated by the `filecontents' environment
%% from source `proposal' on 2015/04/09.
%%
@book{acm,
title = {Partitioned Global Address Space Languages.},
author = {Mattias De Wael, Stefan Marr, Bruno De Fraine, Tom Van Cutsem, Wolfgang De Meuter},
publisher = {ACCM Computing Surveys},
year = {2016},
}

@misc{delivery,
  author = {Christoph von Praun, Luis Ceze, Calin Cascaval},
  title = {{Implicit Parallelism with Ordered Transactions}},
  howpublished = "\url{https://homes.cs.washington.edu/~luisceze/publications/ipot_ppopp07.pdf}",
  note = "[Online; accessed 16-March-2015]"
}

@misc{dynamic,
  author = {Haiying Xu, Christopher J. F. Pickett, Clark Verbrugge},
  title = {{Dynmaic Purity Analysis for Java Programs}},
  howpublished = "\url{http://www.sable.mcgill.ca/~cpicke/papers/xu-07-dynamic.pdf}",
  note = "[Online; accessed 16-March-2015]"
}
